@Article{YLiu2008,
author = {Y. Liu, T. Belkina, J.H. Hays and R. Lublinerman},
title = {Image De-fencing},
journal = {Computer Vision and Pattern Recognition (CVPR)},
year = {2008},
OPTkey = {•},
OPTvolume = {},
OPTnumber = {},
OPTpages = {1-8},
OPTmonth = {June},
OPTnote = {•},
OPTannote = {•}
}
